@Article{sample_ref,
  author = 	 {Fake Author1 and Imaginary Author2},
  title = 	 {Artificial generation of titles for research reports},
  journal = 	 {Journal of Imaginary Research},
  year = 	 {2002},
  volume = 	 {i},
  pages = 	 {1-2},

}

@article{whitworth2006,
  author = {P. M. Whitworth},
  title = {Continuity of Operations Plans: Maintaining Essential Agency Functions When Disaster Strikes},
  journal = {Journal of Park and Recreation Administration},
  year = {2006},
  volume= {24},
}

@article{nistreport,
  author = {Dylan Yaga and Peter Mell and Nik Roby},
  title = {Blockchain Technology Overview},
  journal = {NIST Technical Report NISTTR 8202},
  howpublished = {https://nvlpubs.nist.gov/nistpubs/ir/2018/NIST.IR.8202.pdf},
  year = {2006},
}
